@article{adler2014,
author = "Daniel Adler and Christian Gl�ser and Oleg Nenadic and Jens Oehlschl�gel and Walter Zucchini",
title = "ff: memory-efficient storage of large data on disk and fast access functions",
url = "https://cran.r-project.org/package=ff",
year = "2014"
}
@article{albano2014,
author = "Alice Albano and Jean-Loup Guillaume and B{\' e}n{\' e}dicte Le Grand",
doi = "10.1109/RCIS.2014.6861033",
pages = "1-11",
title = "On the use of intrinsic time scale for dynamic community detection and visualization in social networks",
url = "https://hal.archives-ouvertes.fr/hal-01059845/",
urldate = "2016-06-07",
year = "2014",
month = "05",
day = "28"
}
@article{ankush2015,
author = " Ankush and R Sarode and Prof Mukund and R Salodkar",
journal = "International Journal of Engineering And Science",
number = "10",
pages = "2278",
title = "Electric load forecasting",
url = "http://www.researchinventy.com/papers/v5i10/B0501008012.pdf",
volume = "5",
urldate = "2016-08-07",
year = "2015"
}
@article{arora2016,
author = "Siddharth Arora and James W. Taylor",
journal = "Omega",
doi = "10.1016/j.omega.2014.08.008",
issn = "0305-0483",
pages = "47-59",
publisher = "Elsevier BV",
title = "Forecasting electricity smart meter data using conditional kernel density estimation",
volume = "59",
year = "2016",
month = "03"
}
@article{arora2016a,
author = "Siddharth Arora and James W. Taylor",
journal = "Omega",
doi = "10.1016/j.omega.2014.08.008",
pages = "47-59",
publisher = "Elsevier BV",
title = "Forecasting electricity smart meter data using conditional kernel density estimation",
url = "http://people.maths.ox.ac.uk/arora/SmartMeterManuscript\_OMEGA.pdf",
volume = "59",
urldate = "2016-08-07",
year = "2016"
}
@article{bache2014,
author = "Stefan Milton Bache and Hadley Wickham",
title = "magrittr: A Forward-Pipe Operator for R",
url = "https://cran.r-project.org/package=magrittr",
year = "2014"
}
@article{ball1973,
author = "Michael Ball",
journal = "Urban Studies",
doi = "10.1080/00420987320080311",
issn = "0042-0980",
number = "2",
pages = "213-233",
publisher = "SAGE Publications",
title = "Recent empirical work on the determinants of relative house prices",
volume = "10",
year = "1973",
month = "06",
day = "01"
}
@book{barber2012,
author = "David Barber",
isbn = "9780521518147",
publisher = "Cambridge University Press",
address = "Cambridge",
title = "Bayesian reasoning and machine learning",
year = "2012",
month = "02",
day = "02"
}
@article{bastian2006,
author = "Mathieu Bastian and Sebastien Heymann Gephi and Webatlas Paris and  France and Mathieu Jacomy",
journal = "InterJournal",
pages = "1695",
title = "Gephi: An open source software for exploring and manipulating networks",
url = "https://gephi.org/publications/gephi-bastian-feb09.pdf",
volume = "Complex Systems",
urldate = "2016-06-07",
year = "2006"
}
@article{bates2016,
author = "Douglas Bates and Martin Maechler",
title = "Matrix: Sparse and Dense Matrix Classes and Methods",
url = "https://cran.r-project.org/package=Matrix",
year = "2016"
}
@article{bengtsson2016,
author = "Henrik Bengtsson",
title = "R.utils: Various Programming Utilities",
url = "https://cran.r-project.org/package=R.utils",
year = "2016"
}
@article{blondel2008,
author = "Vincent D Blondel and Jean-Loup Guillaume and Renaud Lambiotte and Etienne Lefebvre",
journal = "Journal of Statistical Mechanics: Theory and Experiment",
doi = "10.1088/1742-5468/2008/10/p10008",
issn = "1742-5468",
number = "10",
pages = "P10008",
publisher = "IOP Publishing",
title = "Fast unfolding of communities in large networks",
volume = "2008",
year = "2008",
month = "10",
day = "09"
}
@article{buchanan2016,
author = "Kathryn Buchanan and Nick Banks and Ian Preston and Riccardo Russo",
journal = "Energy Policy",
doi = "10.1016/j.enpol.2016.01.003",
issn = "0301-4215",
pages = "87-97",
publisher = "Elsevier BV",
title = "The British public's perception of the UK smart metering initiative: Threats and opportunities",
volume = "91",
year = "2016",
month = "04"
}
@article{burgess2008,
author = "Jacquelin Burgess and Michael Nye",
journal = "Energy Policy",
doi = "10.1016/j.enpol.2008.09.039",
issn = "0301-4215",
number = "12",
pages = "4454-4459",
publisher = "Elsevier BV",
title = "Re-materialising energy use through transparent monitoring systems",
volume = "36",
year = "2008",
month = "12"
}
@article{capozza1989,
author = "Dennis R. Capozza and Robert W. Helsley",
journal = "Journal of Urban Economics",
doi = "10.1016/0094-1190(89)90003-x",
issn = "0094-1190",
number = "3",
pages = "295-306",
publisher = "Elsevier BV",
title = "The fundamentals of land prices and urban growth",
volume = "26",
year = "1989",
month = "11"
}
@article{charytoniuk1998,
author = "W. Charytoniuk and M.S. Chen and P. Van Olinda",
journal = "IEEE Transactions on Power Systems",
doi = "10.1109/59.708572",
issn = "0885-8950",
number = "3",
pages = "725-730",
publisher = "Institute of Electrical \& Electronics Engineers (IEEE)",
title = "Nonparametric regression based short-term load forecasting",
volume = "13",
year = "1998"
}
@article{chen2016,
author = "Tianqi Chen and Carlos Guestrin",
journal = "Proceedings of the 22nd ACM SIGKDD International Conference on Knowledge Discovery and Data Mining - KDD '16",
doi = "10.1145/2939672.2939785",
isbn = "9781450342322",
publisher = "Association for Computing Machinery (ACM)",
title = "XGBoost",
year = "2016"
}
@article{chen2016a,
author = "Tianqi Chen and Tong He and Michael Benesty",
title = "xgboost: Extreme Gradient Boosting",
url = "https://cran.r-project.org/package=xgboost",
year = "2016"
}
@article{cheng2014,
author = "Tao Cheng and Monsuru Adepeju",
editor = "Tobias Preis",
journal = "PLoS ONE",
doi = "10.1371/journal.pone.0100465",
issn = "1932-6203",
number = "6",
pages = "e100465",
publisher = "Public Library of Science (PLoS)",
title = "Modifiable temporal unit problem (MTUP) and its effect on space-time cluster detection",
volume = "9",
year = "2014",
month = "06",
day = "27"
}
@article{cheng2014a,
author = "Tao Cheng and Thomas Wicks",
editor = "Philip Bejon",
journal = "PLoS ONE",
doi = "10.1371/journal.pone.0097807",
issn = "1932-6203",
number = "6",
pages = "e97807",
publisher = "Public Library of Science (PLoS)",
title = "Event detection using Twitter: A Spatio-Temporal approach",
volume = "9",
year = "2014",
month = "06",
day = "03"
}
@article{chi2007,
author = "Yun Chi and Shenghuo Zhu and Xiaodan Song and Junichi Tatemura and Belle L Tseng",
doi = "10.1145/1281192.1281213",
pages = "163-172",
publisher = "ACM",
title = "Structural and temporal analysis of the blogosphere through community factorization",
url = "http://dl.acm.org/citation.cfm?id=1281213\&dl=ACM\&coll=DL\&CFID=797150401\&CFTOKEN=79867632",
urldate = "2016-06-08",
year = "2007",
month = "12",
day = "08"
}
@article{clastres2016,
author = "C{\' e}dric Clastres",
journal = "Energy Policy",
doi = "10.1016/j.enpol.2011.05.024",
number = "9",
pages = "5399–5408",
publisher = "Elsevier",
title = "Smart grids: Another step towards competition, energy security and climate change objectives",
url = "http://www.sciencedirect.com/science/article/pii/S030142151100396X",
volume = "39",
urldate = "2016-06-07",
year = "2016"
}
@article{clauset2004,
author = "Aaron Clauset and M. E. J. Newman and Cristopher Moore",
journal = "Physical Review E",
doi = "10.1103/physreve.70.066111",
issn = "1539-3755",
number = "6",
publisher = "American Physical Society (APS)",
title = "Finding community structure in very large networks",
volume = "70",
year = "2004",
month = "12",
day = "06"
}
@article{csardi2006,
author = "Gabor Csardi and Tamas Nepusz",
journal = "InterJournal",
pages = "1695 - 1695",
title = "The igraph software package for complex network research",
url = "http://igraph.org",
volume = "Complex Sy",
year = "2006"
}
@article{csrdi2006,
author = "G{\' a}bor Cs{\' a}rdi and Tam{\' a}s Nepusz",
journal = "InterJourna",
pages = "1695",
title = "The igraph software package for complex network research",
url = "http://www.necsi.edu/events/iccs6/papers/c1602a3c126ba822d0bc4293371c.pdf",
volume = "Complex systems",
urldate = "2016-06-07",
year = "2006"
}
@online{culotta2015,
author = "Aron Culotta and  Ravi and Nirmal Kumar and Jennifer Cutler",
pages = "72-78",
organization = "AAAI Press",
title = "Predicting the demographics of twitter users from website traffic data",
url = "http://dl.acm.org/citation.cfm?id=2887018",
urldate = "2016-08-27",
year = "2015",
month = "01",
day = "25"
}
@online{customerlednetworkrevolution,
title = "Customer Led Network Revolution",
url = "http://www.networkrevolution.co.uk/smart-grid/",
urldate = "2016-06-07"
}
@article{dahl2016,
author = "David B Dahl",
title = "xtable: Export Tables to LaTeX or HTML",
url = "https://cran.r-project.org/package=xtable",
year = "2016"
}
@article{darby2012,
author = "Sarah J. Darby",
journal = "Energy Policy",
doi = "10.1016/j.enpol.2011.11.065",
issn = "0301-4215",
pages = "98-106",
publisher = "Elsevier BV",
title = "Metering: EU policy and implications for fuel poor households",
volume = "49",
year = "2012",
month = "10"
}
@article{delmotte2011,
author = "A Delmotte and EW Tate and SN Yaliraki and M Barahona",
journal = "Physical biology.",
number = "5",
title = "Protein multi-scale organization through graph partitioning and robustness analysis: Application to the myosin-myosin light chain interaction",
url = "http://www.ncbi.nlm.nih.gov/pubmed/21832797",
volume = "8",
urldate = "2016-06-07",
year = "2011",
month = "08",
day = "13"
}
@article{delvenne2010,
author = "J - C Delvenne and S N Yaliraki and M Barahona",
journal = "Proceedings of the National Academy of Sciences",
doi = "10.1073/pnas.0903215107",
issn = "1091-6490",
number = "29",
pages = "12755-12760",
publisher = "National Acad Sciences",
title = "Stability of graph communities across time scales",
url = "http://www.pnas.org/content/107/29/12755.abstract",
volume = "107",
urldate = "2016-06-07",
year = "2010",
month = "07",
day = "20"
}
@article{delvenne2013,
author = "Jean-Charles Delvenne and Michael T. Schaub and Sophia N. Yaliraki and Mauricio Barahona",
journal = "Modeling and Simulation in Science, Engineering and Technology",
doi = "10.1007/978-1-4614-6729-8\_11",
isbn = "9781461467281",
issn = "2164-3679",
pages = "221-242",
publisher = "Springer Science + Business Media",
title = "The stability of a graph partition: A dynamics-based framework for community detection",
year = "2013"
}
@article{dent2015,
author = "Chris J. Dent and Alex Hernandez-Ortiz and Simon R. Blake and David Miller and David Roberts",
journal = "IEEE Transactions on Power Systems",
doi = "10.1109/tpwrs.2014.2363142",
issn = "0885-8950",
number = "5",
pages = "2329-2337",
publisher = "Institute of Electrical \& Electronics Engineers (IEEE)",
title = "Defining and evaluating the capacity value of distributed generation",
volume = "30",
year = "2015",
month = "09"
}
@online{departmentforbusinessenergyindustrialstrategy2013,
author = "Department for Business, Energy \& Industrial Strategy",
organization = "GOV.UK",
title = "Smart meters: A guide",
url = "https://www.gov.uk/guidance/smart-meters-how-they-work",
urldate = "2016-09-03",
year = "2013",
month = "10",
day = "08"
}
@article{diamantoulakis2015,
author = "Panagiotis D. Diamantoulakis and Vasileios M. Kapinas and George K. Karagiannidis",
journal = "Big Data Research",
doi = "10.1016/j.bdr.2015.03.003",
issn = "2214-5796",
number = "3",
pages = "94-101",
publisher = "Elsevier BV",
title = "Big data Analytics for dynamic energy management in smart Grids",
volume = "2",
year = "2015",
month = "09"
}
@techreport{domesticenergyv2pdfwithnotes2005,
title = "Domestic energy v2 PDF WITH NOTES",
url = "http://www-g.eng.cam.ac.uk/impee/topics/DomesticEnergy/files/Domestic\%20Energy\%20v2\%20PDF\%20WITH\%20NOTES.pdf",
urldate = "2016-08-21",
year = "2005"
}
@article{doos2013,
author = "L. Doos and J. Uttley and I. Onyia and Z. Iqbal and P. W. Jones and U. T. Kadam",
journal = "Journal of Public Health",
doi = "10.1093/pubmed/fdt070",
issn = "1741-3842",
number = "2",
pages = "317-324",
publisher = "Oxford University Press (OUP)",
title = "Mosaic segmentation, COPD and CHF multimorbidity and hospital admission costs: A clinical linkage study",
volume = "36",
year = "2013",
month = "07",
day = "30"
}
@article{dowle2015,
author = "M Dowle and A Srinivasan and T Short and S Lianoglou with contributions from R Saporta and E Antonyan",
title = "data.table: Extension of Data.frame",
url = "https://cran.r-project.org/package=data.table",
year = "2015"
}
@online{durhamenergyinstitutecustomerlednetworkrevolutiondurhamuniversity,
title = "Durham energy institute: Customer led network revolution - Durham university",
url = "https://www.dur.ac.uk/dei/research/projects/clnr/",
urldate = "2016-07-10"
}
@techreport{erdos1959,
author = "P Erdos and A Renyi",
title = "On random Graphs",
url = "http://www.renyi.hu/\textasciitidlep\_erdos/1959-11.pdf",
urldate = "2016-07-16",
year = "1959"
}
@techreport{erds1960,
author = "P Erd{\H o}s and A R{\' e}nyi",
title = "ON THE EVOLUTION OF RANDOM GRAPHS",
url = "http://www.renyi.hu/\textasciitidlep\_erdos/1960-10.pdf",
urldate = "2016-07-16",
year = "1960"
}
@article{espinoza2007,
author = "Marcelo Espinoza and Johan Suykens and Ronnie Belmans and Bart De Moor",
journal = "IEEE Control Systems Magazine",
doi = "10.1109/mcs.2007.904656",
issn = "0272-1708",
number = "5",
pages = "43-57",
publisher = "Institute of Electrical \& Electronics Engineers (IEEE)",
title = "Electric load forecasting",
volume = "27",
year = "2007",
month = "10"
}
@article{faruqui2010,
author = "Ahmad Faruqui and Dan Harris and Ryan Hledik",
journal = "Energy Policy",
doi = "10.1016/j.enpol.2010.06.010",
issn = "0301-4215",
number = "10",
pages = "6222-6231",
publisher = "Elsevier BV",
title = "Unlocking the €53 billion savings from smart meters in the EU: How increasing the adoption of dynamic tariffs could make or break the EU's smart grid investment",
volume = "38",
year = "2010",
month = "10"
}
@techreport{feinberg,
author = "Eugene A Feinberg and Dora Genethliou",
title = "Chapter 12 LOAD FORECASTING",
url = "http://almozg.narod.ru/bible/lf.pdf",
urldate = "2016-08-07"
}
@article{fortunato2010,
author = "Santo Fortunato",
journal = "Physics Reports",
doi = "10.1016/j.physrep.2009.11.002",
number = "s 3–5",
pages = "75–174",
publisher = "Elsevier",
title = "Community detection in graphs",
url = "http://www.sciencedirect.com/science/article/pii/S0370157309002841",
volume = "486",
urldate = "2016-06-07",
year = "2010",
month = "02",
day = "01"
}
@article{freund1997,
author = "Yoav Freund and Robert E Schapire",
journal = "Journal of Computer and System Sciences",
doi = "10.1006/jcss.1997.1504",
issn = "0022-0000",
number = "1",
pages = "119-139",
publisher = "Elsevier BV",
title = "A Decision-Theoretic generalization of on-line learning and an application to boosting",
volume = "55",
year = "1997",
month = "08"
}
@article{gandrud2016,
author = "Christopher Gandrud and J J Allaire and Kenton Russell",
title = "networkD3: D3 JavaScript Network Graphs from R",
url = "https://cran.r-project.org/package=networkD3",
year = "2016"
}
@online{generatingaleedsgeodemographicclassificationapplicationsinpolicycommerceandhealthearthandenvironment2016,
title = "Generating a Leeds geodemographic classification: Applications in policy, commerce and health: Earth and environment",
url = "http://www.see.leeds.ac.uk/admissions-and-study/research-degrees/lars-scholarships/generating-a-leeds-geodemographic-classification-applications-in-policy-commerce-and-health/",
urldate = "2016-08-27",
year = "2016"
}
@article{giussani1991,
author = "Bruno Giussani and George Hadjimatheou",
journal = "Papers in Regional Science",
doi = "10.1007/bf01434329",
issn = "1056-8190",
number = "2",
pages = "201-219",
publisher = "Wiley-Blackwell",
title = "Modeling regional house prices in the United Kingdom",
volume = "70",
year = "1991",
month = "04"
}
@online{greene2014,
author = "Derek Greene",
organization = "GitHub",
title = "Derekgreene/dynamic-community",
url = "https://github.com/derekgreene/dynamic-community",
urldate = "2016-06-10",
year = "2014",
month = "07",
day = "30"
}
@article{greene2010,
author = "Derek Greene and D{\' o}nal Doyle and P{\' a}draig Cunningham",
journal = "2010 International Conference on Advances in Social Networks Analysis and Mining",
doi = "10.1109/asonam.2010.17",
isbn = "9781424477876",
publisher = "Institute of Electrical \& Electronics Engineers (IEEE)",
title = "Tracking the evolution of communities in dynamic social networks",
year = "2010",
month = "08"
}
@article{greene2010a,
author = "Derek Greene and D{\' o}nal Doyle and P{\' a}draig Cunningham",
journal = "2010 International Conference on Advances in Social Networks Analysis and Mining",
doi = "10.1109/asonam.2010.17",
isbn = "9781424477876",
publisher = "Institute of Electrical \& Electronics Engineers (IEEE)",
title = "Tracking the evolution of communities in dynamic social networks",
year = "2010",
month = "08"
}
@article{grolemund2011,
author = "Garrett Grolemund and Hadley Wickham",
journal = "Journal of Statistical Software",
number = "3",
pages = "1 - 25",
title = "Dates and Times Made Easy with \{lubridate\}",
url = "http://www.jstatsoft.org/v40/i03/",
volume = "40",
year = "2011"
}
@article{gupta2013,
author = "Rangan Gupta",
journal = "Applied Economics",
doi = "10.1080/00036846.2013.797561",
issn = "0003-6846",
number = "33",
pages = "4677-4697",
publisher = "Informa UK",
title = "Forecasting house prices for the four census regions and the aggregate US economy in a data-rich environment",
volume = "45",
year = "2013",
month = "11"
}
@article{ha2015,
author = "Jiwoon Ha and Sang-Wook Kim and Christos Faloutsos and Sunju Park",
journal = "Information Sciences",
doi = "10.1016/j.ins.2014.08.042",
issn = "0020-0255",
pages = "45-62",
publisher = "Elsevier BV",
title = "An analysis on information diffusion through BlogCast in a blogosphere",
volume = "290",
year = "2015",
month = "01"
}
@article{harrelljr2016,
author = "Frank E Harrell Jr and with contributions from Charles Dupont and many others.",
title = "Hmisc: Harrell Miscellaneous",
url = "https://cran.r-project.org/package=Hmisc",
year = "2016"
}
@article{hausser2014,
author = "Jean Hausser and Korbinian Strimmer",
title = "entropy: Estimation of Entropy, Mutual Information and Related Quantities",
url = "https://cran.r-project.org/package=entropy",
year = "2014"
}
@article{hayes2015,
author = "Barry Hayes and Jorn Gruber and Milan Prodanovic",
journal = "2015 IEEE Eindhoven PowerTech",
doi = "10.1109/ptc.2015.7232358",
isbn = "9781479976935",
publisher = "Institute of Electrical \& Electronics Engineers (IEEE)",
title = "Short-term load forecasting at the local level using smart meter data",
year = "2015",
month = "06"
}
@article{he2015,
author = "Jialin He and Duanbing Chen",
journal = "Physica A: Statistical Mechanics and its Applications",
doi = "10.1016/j.physa.2015.02.069",
pages = "87–94",
publisher = "Elsevier",
title = "A fast algorithm for community detection in temporal network",
url = "http://www.sciencedirect.com/science/article/pii/S0378437115001922",
volume = "429",
urldate = "2016-06-07",
year = "2015",
month = "07",
day = "01"
}
@article{himmelberg2005,
author = "Charles Himmelberg and Christopher Mayer and Todd Sinai",
publisher = "NBER",
title = "Assessing high house prices: Bubbles, fundamentals, and misperceptions",
url = "http://www.nber.org/papers/w11643",
urldate = "2016-06-07",
year = "2005",
month = "09",
day = "26"
}
@techreport{hmgovernment2014,
author = "HM Government",
title = "Special feature – seasonal variations in electricity demand 73 seasonal variations in electricity demand",
url = "https://www.gov.uk/government/uploads/system/uploads/attachment\_data/file/295225/Seasonal\_variations\_in\_electricity\_demand.pdf",
urldate = "2016-08-20",
year = "2014"
}
@online{homesshowgreatestseasonalvariationinelectricityusetodayinenergyusenergyinformationadministrationeia2013,
title = "Homes show greatest seasonal variation in electricity use - today in energy - U.S. Energy information administration (EIA)",
url = "https://www.eia.gov/todayinenergy/detail.cfm?id=10211",
urldate = "2016-08-07",
year = "2013",
month = "03",
day = "04"
}
@online{homesshowgreatestseasonalvariationinelectricityusetodayinenergyusenergyinformationadministrationeia2013a,
title = "Homes show greatest seasonal variation in electricity use - today in energy - U.S. Energy information administration (EIA)",
url = "http://www.eia.gov/todayinenergy/detail.cfm?id=10211",
urldate = "2016-08-20",
year = "2013",
month = "03",
day = "04"
}
@techreport{howintegratedismodernbritain2014,
publisher = "Social Integration Commision",
title = "How integrated is modern Britain?",
url = "http://socialintegrationcommission.org.uk/SIC\_Report\_WEB.pdf",
urldate = "2016-06-06",
year = "2014"
}
@techreport{howard2015,
author = "Chris Howard",
title = "Lessons Learnt report customer trial equipment installations DOCUMENT NUMBER CLNR-L262",
url = "http://www.networkrevolution.co.uk/wp-content/uploads/2015/02/CLNR262-Lessons-Learnt-Report-Customer-Trial-Equipment-Installations-.pdf",
urldate = "2016-08-06",
year = "2015"
}
@article{hussain2014,
author = "Lal Hussain and Sajjad Nadeem M and Syed Ahsen Ali Shah",
journal = "International Journal of Computer Science and Information Technology",
doi = "10.5121/ijcsit.2014.6308",
issn = "0975-4660",
number = "3",
pages = "93-102",
publisher = "Academy and Industry Research Collaboration Center (AIRCC)",
title = "Short term load forecasting system based on support vector kernel methods",
volume = "6",
year = "2014",
month = "06",
day = "30"
}
@article{hussain2014a,
author = "Lal Hussain and Sajjad Nadeem M and Syed Ahsen Ali Shah",
journal = "International Journal of Computer Science and Information Technology",
doi = "10.5121/ijcsit.2014.6308",
issn = "0975-4660",
number = "3",
pages = "93-102",
publisher = "Academy and Industry Research Collaboration Center (AIRCC)",
title = "Short term load forecasting system based on support vector kernel methods",
volume = "6",
year = "2014",
month = "06",
day = "30"
}
@online{iananumberresources1918,
title = "IANA — number resources",
url = "https://www.iana.org/numbers",
urldate = "2016-07-16",
year = "1918"
}
@techreport{jblore2015,
author = "Peter J Blore",
title = "Migration, integration and Neighbourhoods",
url = "http://www.ethnicity.ac.uk/medialibrary/briefings/policy/migration-integration-and-neighbourhoods-a4-leaflet-v4.pdf",
urldate = "2016-06-06",
year = "2015"
}
@article{jaccard1912,
author = "Paul Jaccard",
journal = "New Phytologist",
doi = "10.1111/j.1469-8137.1912.tb05611.x",
issn = "0028-646X",
number = "2",
pages = "37-50",
publisher = "Wiley-Blackwell",
title = "THE DISTRIBUTION OF THE FLORA IN THE ALPINE ZONE.1",
volume = "11",
year = "1912",
month = "02"
}
@article{fromjedwing2016,
author = "Max Kuhn. Contributions from Jed Wing and Steve Weston and Andre Williams and Chris Keefer and Allan Engelhardt and Tony Cooper and Zachary Mayer and Brenton Kenkel and the R Core Team and Michael Benesty and Reynald Lescarbeau and Andrew Ziem and Luca Scrucca and Yuan Tang and Can Candan.",
title = "caret: Classification and Regression Training",
url = "https://cran.r-project.org/package=caret",
year = "2016"
}
@article{kavousian2013,
author = "Amir Kavousian and Ram Rajagopal and Martin Fischer",
journal = "Energy",
doi = "10.1016/j.energy.2013.03.086",
pages = "184–194",
publisher = "Elsevier",
title = "Determinants of residential electricity consumption: Using smart meter data to examine the effect of climate, building characteristics, appliance stock, and occupants' behavior",
url = "http://www.sciencedirect.com/science/article/pii/S0360544213002831",
volume = "55",
urldate = "2016-06-07",
year = "2013",
month = "06",
day = "01"
}
@article{kerracher2015,
author = "Natalie Kerracher and Jessie kennedy and kevin Chalmers and Martin Graham",
doi = "http//dx..org/10.2312/eurovisshort.20151133",
publisher = "ResearchGate",
title = "Visual techniques to support exploratory analysis of temporal graph data",
url = "https://www.researchgate.net/publication/280069427\_Visual\_Techniques\_to\_Support\_Exploratory\_Analysis\_of\_Temporal\_Graph\_Data",
urldate = "2016-06-08",
year = "2015",
month = "05",
day = "25"
}
@article{kullback1951,
author = "S. Kullback and R. A. Leibler",
journal = "The Annals of Mathematical Statistics",
doi = "10.1214/aoms/1177729694",
issn = "0003-4851",
number = "1",
pages = "79-86",
publisher = "Institute of Mathematical Statistics",
title = "On information and sufficiency",
volume = "22",
year = "1951",
month = "03"
}
@article{lai2010,
author = "Rose N. Lai and Robert A. Van Order",
journal = "Real Estate Economics",
doi = "10.1111/j.1540-6229.2010.00282.x",
issn = "1080-8620",
number = "4",
pages = "753-773",
publisher = "Wiley-Blackwell",
title = "Momentum and house price growth in the United States: Anatomy of a bubble",
volume = "38",
year = "2010",
month = "10",
day = "05"
}
@article{lambiotte2008,
author = "R Lambiotte and J - C Delvenne and M Barahona",
doi = "10.1109/TNSE.2015.2391998",
title = "Title: Laplacian dynamics and Multiscale modular structure in networks",
url = "http://arxiv.org/abs/0812.1770",
urldate = "2016-06-07",
year = "2008",
month = "12",
day = "09"
}
@article{lance1967,
author = "G. N. Lance and W. T. Williams",
journal = "The Computer Journal",
doi = "10.1093/comjnl/9.4.373",
issn = "0010-4620",
number = "4",
pages = "373-380",
publisher = "Oxford University Press (OUP)",
title = "A general theory of classificatory sorting strategies: 1. Hierarchical systems",
volume = "9",
year = "1967",
month = "02",
day = "01"
}
@article{langone2014,
author = "Rocco Langone and Raghvendra Mall and Johan A. K. Suykens",
journal = "2014 IEEE Symposium on Computational Intelligence and Data Mining (CIDM)",
doi = "10.1109/cidm.2014.7008141",
isbn = "9781479945184",
publisher = "Institute of Electrical \& Electronics Engineers (IEEE)",
title = "Clustering data over time using kernel spectral clustering with memory",
year = "2014",
month = "12"
}
@article{langone2013,
author = "Rocco Langone and Johan A K Suykens",
journal = "Journal of Physics: Conference Series",
doi = "10.1088/1742-6596/410/1/012100",
issn = "1742-6596",
pages = "012100",
publisher = "IOP Publishing",
title = "Community detection using kernel spectral clustering with memory",
volume = "410",
year = "2013",
month = "02",
day = "08"
}
@article{lauret2012,
author = "Philippe Lauret and Mathieu David and Didier Calogine",
journal = "Energy Procedia",
doi = "10.1016/j.egypro.2011.12.1109",
issn = "1876-6102",
pages = "1404-1409",
publisher = "Elsevier BV",
title = "Nonlinear models for short-time load forecasting",
volume = "14",
year = "2012"
}
@article{lee2013,
author = "Katherine J. Lee and Julie A. Simpson",
journal = "Respirology",
doi = "10.1111/resp.12226",
issn = "1323-7799",
number = "2",
pages = "162-167",
publisher = "Wiley-Blackwell",
title = "Introduction to multiple imputation for dealing with missing data",
volume = "19",
year = "2013",
month = "12",
day = "23"
}
@article{leiva2016,
author = "Javier Leiva and Alfonso Palacios and Jos{\' e} A. Aguado",
journal = "Renewable and Sustainable Energy Reviews",
doi = "10.1016/j.rser.2015.11.002",
issn = "1364-0321",
pages = "227-233",
publisher = "Elsevier BV",
title = "Smart metering trends, implications and necessities: A policy review",
volume = "55",
year = "2016",
month = "03"
}
@article{leskovec2007,
author = "Jure Leskovec and Jon Kleinberg and Christos Faloutsos",
journal = "ACM Transactions on Knowledge Discovery from Data",
doi = "10.1145/1217299.1217301",
issn = "1556-4681",
number = "1",
pages = "2-es",
publisher = "Association for Computing Machinery (ACM)",
title = "Graph evolution",
volume = "1",
year = "2007",
month = "03",
day = "01"
}
@book{leventhal2016,
author = "Barry Leventhal",
isbn = "9780749473822",
publisher = "Kogan Page",
address = "London, United Kingdom",
title = "Geodemographics for marketers: Using location analysis for research and marketing",
year = "2016",
month = "01",
day = "03"
}
@article{li2015,
author = "Xiaoming Li and Bin Wu and Qian Guo and Xuelin Zeng and Chuan Shi",
journal = "2015 IEEE International Conference on Data Mining Workshop (ICDMW)",
doi = "10.1109/icdmw.2015.158",
isbn = "9781467384933",
publisher = "Institute of Electrical \& Electronics Engineers (IEEE)",
title = "Dynamic community detection algorithm based on incremental identification",
year = "2015",
month = "11"
}
@online{limited2015,
author = "AMA DataSet Limited",
title = "Geodemographics knowledge base",
url = "https://www.geodemographics.org.uk/",
urldate = "2016-08-27",
year = "2015"
}
@article{lopes2016,
author = "Marta A.R. Lopes and Carlos Henggeler Antunes and Kathryn B. Janda and Paulo Peixoto and Nelson Martins",
journal = "Energy Policy",
doi = "10.1016/j.enpol.2015.12.014",
issn = "0301-4215",
pages = "233-245",
publisher = "Elsevier BV",
title = "The potential of energy behaviours in a smart(er) grid: Policy implications from a Portuguese exploratory study",
volume = "90",
year = "2016",
month = "03"
}
@article{lund2012,
author = "Henrik Lund and Anders N. Andersen and Poul Alberg {\O}stergaard and Brian Vad Mathiesen and David Connolly",
journal = "Energy",
doi = "10.1016/j.energy.2012.04.003",
number = "1",
pages = "96–102",
publisher = "Elsevier",
title = "From electricity smart grids to smart energy systems – A market operation based approach and understanding",
url = "http://www.sciencedirect.com/science/article/pii/S0360544212002836",
volume = "42",
urldate = "2016-06-07",
year = "2012",
month = "06",
day = "01"
}
@article{luttik2000,
author = "Joke Luttik",
journal = "Landscape and Urban Planning",
doi = "10.1016/s0169-2046(00)00039-6",
issn = "0169-2046",
number = "3-4",
pages = "161-167",
publisher = "Elsevier BV",
title = "The value of trees, water and open space as reflected by house prices in the Netherlands",
volume = "48",
year = "2000",
month = "05"
}
@article{lyons2015,
author = "P.F. Lyons and N.S. Wade and T. Jiang and P.C. Taylor and F. Hashiesh and M. Michel and D. Miller",
journal = "Applied Energy",
doi = "10.1016/j.apenergy.2014.09.027",
pages = "677–691",
publisher = "Elsevier",
title = "Design and analysis of electrical energy storage demonstration projects on UK distribution networks",
url = "http://www.sciencedirect.com/science/article/pii/S030626191400974X",
volume = "137",
urldate = "2016-06-07",
year = "2015",
month = "01",
day = "01"
}
@article{mall2015,
author = "Raghvendra Mall and Rocco Langone and Johan A. K. Suykens",
editor = "Renaud Lambiotte",
journal = "PLOS ONE",
doi = "10.1371/journal.pone.0137502",
issn = "1932-6203",
number = "9",
pages = "e0137502",
publisher = "Public Library of Science (PLoS)",
title = "Netgram: Visualizing communities in evolving networks",
volume = "10",
year = "2015",
month = "09",
day = "10"
}
@article{malpezzi2001,
author = "Stephen Malpezzi and Duncan Maclennan",
journal = "Journal of Housing Economics",
doi = "10.1006/jhec.2001.0288",
issn = "1051-1377",
number = "3",
pages = "278-306",
publisher = "Elsevier BV",
title = "The long-run price elasticity of supply of new residential construction in the United States and the United Kingdom",
volume = "10",
year = "2001",
month = "09"
}
@article{mantegna1999,
author = "R.N. Mantegna",
journal = "Computer Physics Communications",
doi = "10.1016/s0010-4655(99)00302-1",
issn = "0010-4655",
pages = "153-156",
publisher = "Elsevier BV",
title = "Information and hierarchical structure in financial markets",
volume = "121-122",
year = "1999",
month = "09"
}
@article{martelot2013,
author = "Erwan Le Martelot and Chris Hankin",
journal = "International Journal of Web Based Communities",
doi = "10.1504/ijwbc.2013.054907",
issn = "1477-8394",
number = "3",
pages = "323",
publisher = "Inderscience Publishers",
title = "Multi-scale community detection using stability optimisation",
volume = "9",
year = "2013"
}
@article{mckenna2012,
author = "Eoghan McKenna and Ian Richardson and Murray Thomson",
journal = "Energy Policy",
doi = "10.1016/j.enpol.2011.11.049",
issn = "0301-4215",
pages = "807-814",
publisher = "Elsevier BV",
title = "Smart meter data: Balancing consumer privacy concerns with legitimate applications",
volume = "41",
year = "2012",
month = "02"
}
@article{meen2002,
author = "Geoffrey Meen",
journal = "Journal of Housing Economics",
doi = "10.1006/jhec.2001.0307",
issn = "1051-1377",
number = "1",
pages = "1-23",
publisher = "Elsevier BV",
title = "The time-series behavior of house prices: A transatlantic divide?",
volume = "11",
year = "2002",
month = "03"
}
@article{meen2002a,
author = "Geoffrey Meen",
journal = "Journal of Housing Economics",
doi = "10.1006/jhec.2001.0307",
issn = "1051-1377",
number = "1",
pages = "1-23",
publisher = "Academic Press",
title = "The time-series behavior of house prices: A transatlantic divide? ☆",
url = "http://www.sciencedirect.com/science/article/pii/S1051137701903079",
volume = "11",
urldate = "2016-06-07",
year = "2002",
month = "03",
day = "01"
}
@article{mersmann2015,
author = "Olaf Mersmann",
title = "microbenchmark: Accurate Timing Functions",
url = "https://cran.r-project.org/package=microbenchmark",
year = "2015"
}
@article{meyer2015,
author = "David Meyer and Evgenia Dimitriadou and Kurt Hornik and Andreas Weingessel and Friedrich Leisch",
title = "e1071: Misc Functions of the Department of Statistics, Probability Theory Group (Formerly: E1071), TU Wien",
url = "https://cran.r-project.org/package=e1071",
year = "2015"
}
@article{mirowski2014,
author = "Piotr Mirowski and Sining Chen and Tin Kam Ho and Chun-Nam Yu",
journal = "Bell Labs Technical Journal",
doi = "10.1002/bltj.21650",
issn = "1089-7089",
number = "4",
pages = "135-158",
publisher = "Institute of Electrical \& Electronics Engineers (IEEE)",
title = "Demand forecasting in smart Grids",
volume = "18",
year = "2014",
month = "02",
day = "26"
}
@article{mucha2010,
author = "P. J. Mucha and T. Richardson and K. Macon and M. A. Porter and J.-P. Onnela",
journal = "Science",
doi = "10.1126/science.1184819",
issn = "0036-8075",
number = "5980",
pages = "876-878",
publisher = "American Association for the Advancement of Science (AAAS)",
title = "Community structure in time-dependent, Multiscale, and Multiplex networks",
volume = "328",
year = "2010",
month = "05",
day = "13"
}
@article{neaimeh2015,
author = "Myriam Neaimeh and Robin Wardle and Andrew M. Jenkins and Jialiang Yi and Graeme Hill and Padraig F. Lyons and Yvonne Hübner and Phil T. Blythe and Phil C. Taylor",
journal = "Applied Energy",
doi = "10.1016/j.apenergy.2015.01.144",
pages = "688–698",
publisher = "Elsevier",
title = "A probabilistic approach to combining smart meter and electric vehicle charging data to investigate distribution network impacts",
url = "http://www.sciencedirect.com/science/article/pii/S0306261915001944",
volume = "157",
urldate = "2016-06-07",
year = "2015",
month = "11",
day = "01"
}
@article{nellis1981,
author = "Joseph Nellis and J. Andrew Longbottom",
journal = "Urban Studies",
doi = "10.1080/00420988120080021",
issn = "0042-0980",
number = "1",
pages = "9-21",
publisher = "SAGE Publications",
title = "An empirical analysis of the determination of house prices in the United Kingdom",
volume = "18",
year = "1981",
month = "02",
day = "01"
}
@article{newman2006,
author = "M. E. J. Newman",
journal = "Proceedings of the National Academy of Sciences",
doi = "10.1073/pnas.0601602103",
issn = "0027-8424",
number = "23",
pages = "8577-8582",
publisher = "Proceedings of the National Academy of Sciences",
title = "Modularity and community structure in networks",
volume = "103",
year = "2006",
month = "05",
day = "24"
}
@article{palla2007,
author = "Gergely Palla and Albert-L{\' a}szl{\' o} Barab{\' a}si and Tam{\' a}s Vicsek",
journal = "Nature",
doi = "10.1038/nature05670",
issn = "1476-4687",
number = "7136",
pages = "664-667",
publisher = "Nature Publishing Group",
title = "Quantifying social group evolution: Abstract: Nature",
url = "http://www.nature.com/nature/journal/v446/n7136/pdf/nature05670.pdf",
volume = "446",
urldate = "2016-06-08",
year = "2007",
month = "04",
day = "05"
}
@article{papadopoulos2011,
author = "Symeon Papadopoulos and Yiannis Kompatsiaris and Athena Vakali and Ploutarchos Spyridonos",
journal = "Data Mining and Knowledge Discovery",
doi = "10.1007/s10618-011-0224-z",
issn = "1384-5810",
number = "3",
pages = "515-554",
publisher = "Springer Science + Business Media",
title = "Community detection in social media",
volume = "24",
year = "2011",
month = "06",
day = "14"
}
@article{pearson1900,
author = "Karl Pearson",
journal = "Philosophical Magazine Series 5",
doi = "10.1080/14786440009463897",
issn = "1941-5982",
number = "302",
pages = "157-175",
publisher = "Informa UK",
title = "X. On the criterion that a given system of deviations from the probable in the case of a correlated system of variables is such that it can be reasonably supposed to have arisen from random sampling",
volume = "50",
year = "1900",
month = "07"
}
@inreference{pearsonschisquaredtest2016,
booktitle = "Wikipedia",
publisher = "Wikimedia Foundation",
title = "Pearson's chi-squared test",
url = "https://en.wikipedia.org/wiki/Pearson\%27s\_chi-squared\_test",
urldate = "2016-08-19",
year = "2016",
month = "08",
day = "16"
}
@techreport{plutshack2016,
author = "Victoria Plutshack",
title = "Communications spring 2016 POLICY IN THE FACE OF UNCERTAINTY: THE SMART METER DILEMMA policy in the face of uncertainty: The smart meter dilemma",
url = "http://www.cuspe.org/publications/2016/Plutshack\_2016.pdf",
urldate = "2016-07-20",
year = "2016"
}
@article{pons2006,
author = "Pascal Pons and Matthieu Latapy",
journal = "Journal of Graph Algorithms and Applications",
doi = "10.7155/jgaa.00124",
issn = "1526-1719",
number = "2",
pages = "191-218",
publisher = "Journal of Graph Algorithms and Applications",
title = "Computing communities in large networks using random walks",
volume = "10",
year = "2006"
}
@article{powells2015,
author = "Gareth Powells and Sandra Bell and Ellis P. Judson and Stephen M. Lyon and Robin Wardle and Klara Anna Capova and Harriet Bulkeley",
journal = "Energy Efficiency",
doi = "10.1007/s12053-015-9382-y",
issn = "1570-646X",
number = "3",
pages = "591-604",
publisher = "Springer Science + Business Media",
title = "Fostering active network management through SMEs' practises",
volume = "9",
year = "2015",
month = "08",
day = "20"
}
@article{powells2014,
author = "Gareth Powells and Harriet Bulkeley and Sandra Bell and Ellis Judson",
journal = "Geoforum",
doi = "10.1016/j.geoforum.2014.04.014",
pages = "43–52",
publisher = "Elsevier",
title = "Peak electricity demand and the flexibility of everyday life",
url = "http://www.sciencedirect.com/science/article/pii/S0016718514000931",
volume = "55",
urldate = "2016-06-07",
year = "2014",
month = "08",
day = "01"
}
@online{primeministersoffice10downingstreet2016,
author = "Prime Minister's Office, 10 Downing Street and The Rt Hon David Cameron",
organization = "GOV.UK",
title = "PM: UK will lose billions of pounds in infrastructure funding if it leaves EU",
url = "https://www.gov.uk/government/news/pm-uk-will-lose-billions-of-pounds-in-infrastructure-funding-if-it-leaves-eu",
urldate = "2016-08-06",
year = "2016",
month = "05",
day = "14"
}
@article{rcoreteam2016,
author = "R Core Team",
address = "Vienna, Austria",
title = "R: A Language and Environment for Statistical Computing",
url = "https://www.r-project.org/",
year = "2016"
}
@article{reinhart2009,
author = "Carmen Reinhart and Kenneth Rogoff",
journal = "Panoeconomicus",
doi = "10.2298/pan0903291r",
issn = "1452-595X",
number = "3",
pages = "291-299",
publisher = "National Library of Serbia",
title = "Is the 2007 US sub-prime financial crisis so different? An international historical comparison",
volume = "56",
year = "2009"
}
@article{rosvall2008,
author = "M. Rosvall and C. T. Bergstrom",
journal = "Proceedings of the National Academy of Sciences",
doi = "10.1073/pnas.0706851105",
issn = "0027-8424",
number = "4",
pages = "1118-1123",
publisher = "Proceedings of the National Academy of Sciences",
title = "Maps of random walks on complex networks reveal community structure",
volume = "105",
year = "2008",
month = "01",
day = "23"
}
@article{rosvall2010,
author = "Martin Rosvall and Carl T. Bergstrom",
editor = "Fabio Rapallo",
journal = "PLoS ONE",
doi = "10.1371/journal.pone.0008694",
issn = "1932-6203",
number = "1",
pages = "e8694",
publisher = "Public Library of Science (PLoS)",
title = "Mapping change in large networks",
volume = "5",
year = "2010",
month = "01",
day = "27"
}
@online{sankeydiagrams,
organization = "Sankey Diagrams",
title = "Sankey diagrams",
url = "http://www.sankey-diagrams.com/",
urldate = "2016-07-31"
}
@incollection{schapire2003,
author = "Robert E. Schapire",
booktitle = "Nonlinear Estimation and Classification",
doi = "10.1007/978-0-387-21579-2\_9",
pages = "149-171",
publisher = "Springer Science + Business Media",
title = "The boosting approach to machine learning: An overview",
url = "https://www.cs.princeton.edu/picasso/mats/schapire02boosting\_schapire.pdf",
urldate = "2016-08-19",
year = "2003"
}
@article{schaub2012,
author = "Michael T. Schaub and Jean-Charles Delvenne and Sophia N. Yaliraki and Mauricio Barahona",
editor = "Olaf Sporns",
journal = "PLoS ONE",
doi = "10.1371/journal.pone.0032210",
issn = "1932-6203",
number = "2",
pages = "e32210",
publisher = "Public Library of Science (PLoS)",
title = "Markov dynamics as a zooming lens for Multiscale community detection: Non clique-like communities and the field-of-view limit",
volume = "7",
year = "2012",
month = "02",
day = "27"
}
@techreport{sevlian,
author = "Raffi Sevlian and Ram Rajagopal",
title = "A scaling law of short term electricity load forecasting on varying levels of aggregation",
url = "http://web.stanford.edu/\textasciitidlersevlian/raffi\_sevlian\_papers/AggTPS2014.pdf",
urldate = "2016-08-07"
}
@article{singh2010,
author = "Priti Singh and Abhishek Chakraborty and B. S. Manoj",
doi = "10.1109/COMSNETS.2016.7439934",
pages = "1-7",
publisher = "IEEE",
title = "Conflict graph based community detection",
url = "http://ieeexplore.ieee.org/xpl/login.jsp?tp=\&arnumber=7439934\&url=http\%3A\%2F\%2Fieeexplore.ieee.org\%2Fxpls\%2Fabs\_all.jsp\%3Farnumber\%3D7439934",
urldate = "2016-06-08",
year = "2010",
month = "01",
day = "05"
}
@techreport{smartmetersdiagnosisandplans,
title = "Smart meters diagnosis and plans",
url = "https://www.parliament.uk/documents/commons-committees/science-technology/evidence-tests/smart-meters.pdf",
urldate = "2016-08-06"
}
@inreference{spearmansrankcorrelationcoefficient2016,
booktitle = "Wikipedia",
publisher = "Wikimedia Foundation",
title = "Spearman's rank correlation coefficient",
url = "https://en.wikipedia.org/wiki/Spearman\%27s\_rank\_correlation\_coefficient",
urldate = "2016-07-10",
year = "2016",
month = "06",
day = "17"
}
@article{sutton2002,
author = "Gregory D Sutton",
journal = "BIS Quarterly Review",
title = "Explaining changes in house prices1",
url = "http://www.bis.org/publ/r\_qt0209f.pdf",
urldate = "2016-06-07",
year = "2002"
}
@article{taieb2016,
author = "Souhaib Ben Taieb and Raphael Huser and Rob J. Hyndman and Marc G. Genton",
journal = "IEEE Transactions on Smart Grid",
doi = "10.1109/tsg.2016.2527820",
issn = "1949-3053",
pages = "1-8",
publisher = "Institute of Electrical \& Electronics Engineers (IEEE)",
title = "Forecasting uncertainty in electricity smart meter data by boosting additive Quantile regression",
year = "2016"
}
@article{tajeuna2015,
author = "Etienne Gael Tajeuna and Mohamed Bouguessa and Shengrui Wang",
journal = "2015 IEEE International Conference on Data Science and Advanced Analytics (DSAA)",
doi = "10.1109/dsaa.2015.7344876",
isbn = "9781467382724",
publisher = "Institute of Electrical \& Electronics Engineers (IEEE)",
title = "Tracking the evolution of community structures in time-evolving social networks",
year = "2015",
month = "10"
}
@online{thestabilityofagraphpartition,
title = "The stability of a graph partition",
url = "http://wwwf.imperial.ac.uk/\textasciitidlempbara/Partition\_Stability/",
urldate = "2016-06-07"
}
@article{tonda2012,
author = "Alberto Paolo Tonda and Evelyne Lutton and Romain Reuillon and Giovanni Squillero and Pierre-Henri Wuillemin",
journal = "Lecture Notes in Computer Science",
doi = "10.1007/978-3-642-29139-5\_22",
isbn = "9783642291388",
issn = "0302-9743",
pages = "254-265",
publisher = "Springer Science + Business Media",
title = "Bayesian network structure learning from limited Datasets through graph evolution",
year = "2012"
}
@article{vehlow2014,
author = "C. Vehlow and F. Beck and P. Auw{\" a}rter and D. Weiskopf",
journal = "Computer Graphics Forum",
doi = "10.1111/cgf.12512",
issn = "0167-7055",
number = "1",
pages = "277-288",
publisher = "Wiley-Blackwell",
title = "Visualizing the evolution of communities in dynamic graphs",
volume = "34",
year = "2014",
month = "11",
day = "19"
}
@article{volkova2015,
author = "Svitlana Volkova and Yoram Bachrach",
journal = "Cyberpsychology, Behavior, and Social Networking",
doi = "10.1089/cyber.2014.0609",
number = "12",
pages = "726-736",
publisher = "Mary Ann Liebert",
title = "On predicting Sociodemographic traits and emotions from communications in social networks and their implications to online self-disclosure",
url = "http://www.cs.jhu.edu/\textasciitidlesvitlana/papers/VB-preprint-cyberpsych15.pdf",
volume = "18",
urldate = "2016-08-27",
year = "2015"
}
@article{wang1997,
author = "Ferdinand T. Wang and Peter M. Zorn",
journal = "Journal of Housing Economics",
doi = "10.1006/jhec.1997.0209",
issn = "1051-1377",
number = "2",
pages = "93-118",
publisher = "Elsevier BV",
title = "Estimating house price growth with repeat sales data: What's the aim of the game?",
volume = "6",
year = "1997",
month = "06"
}
@article{wang2014,
author = "Pengfei Wang and Daniel H. Liang and Jialiang Yi and P{\' a}draig F. Lyons and Peter J. Davison and Philip C. Taylor",
journal = "IEEE Transactions on Smart Grid",
doi = "10.1109/TSG.2013.2292530",
issn = "1949-3053",
number = "2",
pages = "1018-1032",
publisher = "IEEE",
title = "Integrating electrical energy storage into coordinated voltage control schemes for distribution networks",
url = "http://ieeexplore.ieee.org/xpl/articleDetails.jsp?reload=true\&arnumber=6733342",
volume = "5",
urldate = "2016-06-07",
year = "2014",
month = "03"
}
@article{warren2014,
author = "Peter Warren",
journal = "Renewable and Sustainable Energy Reviews",
doi = "10.1016/j.rser.2013.09.009",
issn = "1364-0321",
pages = "941-951",
publisher = "Elsevier BV",
title = "A review of demand-side management policy in the UK",
volume = "29",
year = "2014",
month = "01"
}
@article{webber2007,
author = "Richard Webber and Tim Butler",
journal = "Urban Studies",
doi = "10.1080/00420980701302353",
issn = "0042-0980",
number = "7",
pages = "1229-1254",
publisher = "SAGE Publications",
title = "Classifying pupils by where they live: How well does this predict variations in their GCSE results?",
volume = "44",
year = "2007",
month = "06"
}
@article{weiss,
author = "Markus Weiss and Adrian Helfenstein and Friedemann Mattern and Thorsten Staake",
doi = "10.1109/PerCom.2012.6199866",
pages = "190-197",
publisher = "IEEE",
title = "Leveraging smart meter data to recognize home appliances",
url = "http://ieeexplore.ieee.org/xpl/login.jsp?tp=\&arnumber=6199866\&url=http\%3A\%2F\%2Fieeexplore.ieee.org\%2Fxpls\%2Fabs\_all.jsp\%3Farnumber\%3D6199866",
urldate = "2016-06-07"
}
@online{whatisasmartmeterhowdoesasmartmeterwork,
title = "What is a smart meter? How does a smart meter work?",
url = "https://www.smartenergygb.org/en/about-smart-meters/what-is-a-smart-meter?gclid=CIvV8\_aB884CFQdAGwodpEQIag",
urldate = "2016-09-03"
}
@book{wickham2009,
author = "Hadley Wickham",
isbn = "978-0-387-98140-6",
publisher = "Springer-Verlag New York",
title = "ggplot2: Elegant Graphics for Data Analysis",
url = "http://ggplot2.org",
year = "2009"
}
@article{wickham2014,
author = "Hadley Wickham",
journal = "Journal of Statistical Software",
doi = "10.18637/jss.v059.i10",
issn = "1548-7660",
number = "10",
publisher = "Foundation for Open Access Statistic",
title = "Tidy data",
volume = "59",
year = "2014"
}
@article{wickham2015,
author = "Hadley Wickham",
title = "stringr: Simple, Consistent Wrappers for Common String Operations",
url = "https://cran.r-project.org/package=stringr",
year = "2015"
}
@article{wickham2016,
author = "Hadley Wickham",
title = "tidyr: Easily Tidy Data with `spread()` and `gather()` Functions",
url = "https://cran.r-project.org/package=tidyr",
year = "2016"
}
@article{wickham2016a,
author = "Hadley Wickham and Romain Francois",
title = "dplyr: A Grammar of Data Manipulation",
url = "https://cran.r-project.org/package=dplyr",
year = "2016"
}
@article{yu2016,
author = "Chun-Nam Yu and Piotr Mirowski and Tin Kam Ho",
journal = "IEEE Transactions on Smart Grid",
doi = "10.1109/tsg.2015.2513900",
issn = "1949-3053",
pages = "1-11",
publisher = "Institute of Electrical \& Electronics Engineers (IEEE)",
title = "A sparse coding approach to household electricity demand forecasting in smart Grids",
year = "2016"
}
@article{zeileis2005,
author = "Achim Zeileis and Gabor Grothendieck",
journal = "Journal of Statistical Software",
doi = "10.18637/jss.v014.i06",
number = "6",
pages = "1 - 27",
title = "zoo: S3 Infrastructure for Regular and Irregular Time Series",
volume = "14",
year = "2005"
}
@article{zongchang2014,
author = "Yang Zong-chang",
journal = "IET Generation, Transmission \& Distribution",
doi = "10.1049/iet-gtd.2014.0289",
issn = "1751-8687",
number = "12",
pages = "2046-2054",
publisher = "Institution of Engineering and Technology (IET)",
title = "Modelling and forecasting of electric daily peak load movement based on the elliptic-orbit model with weekly periodic extension: A case study",
volume = "8",
year = "2014",
month = "12",
day = "01"
}
